
%This is an example of a source
@MISC{
	tag,
	author = {Author's name},
	title = {source's title},
	howpublished = {is it a book or a website?},	
	year = {year published (book) or time of visit (website)},
	note = {\url{http://website.lol}}
}
